@book{oblinger2005educating,
  title={Educating the net generation},
  author={Oblinger, Diana and Oblinger, James L and Lippincott, Joan K},
  year={2005},
  publisher={Boulder, Colo.: EDUCAUSE, c2005. 1 v.(various pagings): illustrations.}
}

@article{prensky2001games,
  title={The games generations: How learners have changed},
  author={Prensky, Marc},
  journal={Digital game-based learning},
  volume={1},
  year={2001}
}

@book{michael2005serious,
  title={Serious games: Games that educate, train, and inform},
  author={Michael, David R and Chen, Sandra L},
  year={2005},
  publisher={Muska \& Lipman/Premier-Trade}
}

@TechReport{onssurvey,
    title = {Internet access â€“ households and individuals},
    year = {2016},
    author = {{Office For National Statistics}},
    URL = {http://www.ons.gov.uk/peoplepopulationandcommunity/householdcharacteristics/homeinternetandsocialmediausage/bulletins/internetaccesshouseholdsandindividuals/2016}
}

@article{griffiths2002educational,
  title={The educational benefits of videogames},
  author={Griffiths, Mark},
  journal={Education and Health},
  volume={20},
  number={3},
  pages={47--51},
  year={2002}
}

@article{malone1981toward,
  title={Toward a theory of intrinsically motivating instruction},
  author={Malone, Thomas W},
  journal={Cognitive science},
  volume={5},
  number={4},
  pages={333--369},
  year={1981},
  publisher={Elsevier}
}

@book{reeves2013total,
  title={Total engagement: How games and virtual worlds are changing the way people work and businesses compete},
  author={Reeves, Byron and Read, J Leighton},
  year={2013},
  publisher={Harvard Business Press}
}