@book{oblinger2005educating,
  title={Educating the net generation},
  author={Oblinger, Diana and Oblinger, James L and Lippincott, Joan K},
  year={2005},
  publisher={Boulder, Colo.: EDUCAUSE, c2005. 1 v.(various pagings): illustrations.}
}

@article{prensky2001games,
  title={The games generations: How learners have changed},
  author={Prensky, Marc},
  journal={Digital game-based learning},
  volume={1},
  year={2001}
}

@book{michael2005serious,
  title={Serious games: Games that educate, train, and inform},
  author={Michael, David R and Chen, Sandra L},
  year={2005},
  publisher={Muska \& Lipman/Premier-Trade}
}

@TechReport{onssurvey,
    title = {Internet access â€“ households and individuals},
    year = {2016},
    author = {{Office For National Statistics}},
    URL = {http://www.ons.gov.uk/peoplepopulationandcommunity/householdcharacteristics/homeinternetandsocialmediausage/bulletins/internetaccesshouseholdsandindividuals/2016}
}

@article{griffiths2002educational,
  title={The educational benefits of videogames},
  author={Griffiths, Mark},
  journal={Education and Health},
  volume={20},
  number={3},
  pages={47--51},
  year={2002}
}

@article{malone1981toward,
  title={Toward a theory of intrinsically motivating instruction},
  author={Malone, Thomas W},
  journal={Cognitive science},
  volume={5},
  number={4},
  pages={333--369},
  year={1981},
  publisher={Elsevier}
}

@book{reeves2013total,
  title={Total engagement: How games and virtual worlds are changing the way people work and businesses compete},
  author={Reeves, Byron and Read, J Leighton},
  year={2013},
  publisher={Harvard Business Press}
}

@book{irons2007enhancing,
  title={Enhancing learning through formative assessment and feedback},
  author={Irons, Alastair},
  year={2007},
  publisher={Routledge}
}

@article{larkin1987diagram,
  title={Why a diagram is (sometimes) worth ten thousand words},
  author={Larkin, Jill H and Simon, Herbert A},
  journal={Cognitive science},
  volume={11},
  number={1},
  pages={65--100},
  year={1987},
  publisher={Wiley Online Library}
}

@InCollection{sep-aristotle-logic,
	author       =	{Smith, Robin},
	title        =	{Aristotle's Logic},
	booktitle    =	{The Stanford Encyclopedia of Philosophy},
	editor       =	{Edward N. Zalta},
	howpublished =	{\url{http://plato.stanford.edu/archives/win2016/entries/aristotle-logic/}},
	year         =	{2016},
	edition      =	{Winter 2016},
}

@book{csikszentmihalyi1997talented,
  title={Talented teenagers: The roots of success and failure},
  author={Csikszentmihalyi, Mihaly and Rathunde, Kevin and Whalen, Samuel},
  year={1997},
  publisher={Cambridge University Press}
}

@article{abuhamdeh2012importance,
  title={The importance of challenge for the enjoyment of intrinsically motivated, goal-directed activities},
  author={Abuhamdeh, Sami and Csikszentmihalyi, Mihaly},
  journal={Personality and Social Psychology Bulletin},
  volume={38},
  number={3},
  pages={317--330},
  year={2012},
  publisher={Sage Publications}
}

@article{kawachi2003initiating,
  title={Initiating intrinsic motivation in online education: Review of the current state of the art},
  author={Kawachi, Paul},
  journal={Interactive Learning Environments},
  volume={11},
  number={1},
  pages={59--81},
  year={2003},
  publisher={Taylor \& Francis}
}

@article{lepper1988motivational,
  title={Motivational considerations in the study of instruction},
  author={Lepper, Mark R},
  journal={Cognition and instruction},
  volume={5},
  number={4},
  pages={289--309},
  year={1988},
  publisher={Taylor \& Francis}
}

@article{johnson1980mental,
  title={Mental models in cognitive science},
  author={Johnson-Laird, Philip N},
  journal={Cognitive science},
  volume={4},
  number={1},
  pages={71--115},
  year={1980},
  publisher={Wiley Online Library}
}

@incollection{Erickson1978-ERIROS,
	booktitle = {Human Reasoning},
	pages = {39--50},
	year = {1978},
	author = {J. R. Erickson},
	publisher = {Distributed Solely by Halsted Press},
	title = {Research on Syllogistic Reasoning},
	editor = {Russell Revlin and Richard E. Mayer}
}
@article{cheng2012visualizing,
  title={Visualizing syllogisms: category pattern diagrams versus Venn diagrams},
  author={Cheng, Peter CH},
  year={2012}
}