@book{oblinger2005educating,
  title={Educating the net generation},
  author={Oblinger, Diana and Oblinger, James L and Lippincott, Joan K},
  year={2005},
  publisher={Boulder, Colo.: EDUCAUSE, c2005. 1 v.(various pagings): illustrations.}
}

@article{prensky2001games,
  title={The games generations: How learners have changed},
  author={Prensky, Marc},
  journal={Digital game-based learning},
  volume={1},
  year={2001}
}

@book{michael2005serious,
  title={Serious games: Games that educate, train, and inform},
  author={Michael, David R and Chen, Sandra L},
  year={2005},
  publisher={Muska \& Lipman/Premier-Trade}
}

@TechReport{onssurvey,
    title = {Internet access - households and individuals},
    year = {2016},
    author = {{Office For National Statistics}},
    URL = {http://www.ons.gov.uk/peoplepopulationandcommunity/householdcharacteristics/homeinternetandsocialmediausage/bulletins/internetaccesshouseholdsandindividuals/2016}
}

@article{griffiths2002educational,
  title={The educational benefits of videogames},
  author={Griffiths, Mark},
  journal={Education and Health},
  volume={20},
  number={3},
  pages={47--51},
  year={2002}
}

@article{malone1981toward,
  title={Toward a theory of intrinsically motivating instruction},
  author={Malone, Thomas W},
  journal={Cognitive science},
  volume={5},
  number={4},
  pages={333--369},
  year={1981},
  publisher={Elsevier}
}

@book{reeves2013total,
  title={Total engagement: How games and virtual worlds are changing the way people work and businesses compete},
  author={Reeves, Byron and Read, J Leighton},
  year={2013},
  publisher={Harvard Business Press}
}

@book{irons2007enhancing,
  title={Enhancing learning through formative assessment and feedback},
  author={Irons, Alastair},
  year={2007},
  publisher={Routledge}
}

@article{larkin1987diagram,
  title={Why a diagram is (sometimes) worth ten thousand words},
  author={Larkin, Jill H and Simon, Herbert A},
  journal={Cognitive science},
  volume={11},
  number={1},
  pages={65--100},
  year={1987},
  publisher={Wiley Online Library}
}

@InCollection{sep-aristotle-logic,
	author       =	{Smith, Robin},
	title        =	{Aristotle's Logic},
	booktitle    =	{The Stanford Encyclopedia of Philosophy},
	editor       =	{Edward N. Zalta},
	howpublished =	{\url{http://plato.stanford.edu/archives/win2016/entries/aristotle-logic/}},
	year         =	{2016},
	edition      =	{Winter 2016},
}

@book{csikszentmihalyi1997talented,
  title={Talented teenagers: The roots of success and failure},
  author={Csikszentmihalyi, Mihaly and Rathunde, Kevin and Whalen, Samuel},
  year={1997},
  publisher={Cambridge University Press}
}

@article{abuhamdeh2012importance,
  title={The importance of challenge for the enjoyment of intrinsically motivated, goal-directed activities},
  author={Abuhamdeh, Sami and Csikszentmihalyi, Mihaly},
  journal={Personality and Social Psychology Bulletin},
  volume={38},
  number={3},
  pages={317--330},
  year={2012},
  publisher={Sage Publications}
}

@article{kawachi2003initiating,
  title={Initiating intrinsic motivation in online education: Review of the current state of the art},
  author={Kawachi, Paul},
  journal={Interactive Learning Environments},
  volume={11},
  number={1},
  pages={59--81},
  year={2003},
  publisher={Taylor \& Francis}
}

@article{lepper1988motivational,
  title={Motivational considerations in the study of instruction},
  author={Lepper, Mark R},
  journal={Cognition and instruction},
  volume={5},
  number={4},
  pages={289--309},
  year={1988},
  publisher={Taylor \& Francis}
}

@article{johnson1980mental,
  title={Mental models in cognitive science},
  author={Johnson-Laird, Philip N},
  journal={Cognitive science},
  volume={4},
  number={1},
  pages={71--115},
  year={1980},
  publisher={Wiley Online Library}
}

@incollection{Erickson1978-ERIROS,
	booktitle = {Human Reasoning},
	pages = {39--50},
	year = {1978},
	author = {J. R. Erickson},
	publisher = {Distributed Solely by Halsted Press},
	title = {Research on Syllogistic Reasoning},
	editor = {Russell Revlin and Richard E. Mayer}
}
@article{cheng2012visualizing,
  title={Visualizing syllogisms: category pattern diagrams versus Venn diagrams},
  author={Cheng, Peter CH},
  year={2012}
}

@article{englebretsen1991,
author = "Englebretsen, George",
doi = "10.1305/ndjfl/1093636009",
fjournal = "Notre Dame Journal of Formal Logic",
journal = "Notre Dame J. Formal Logic",
month = "12",
number = "1",
pages = "37--69",
publisher = "Duke University Press",
title = "Linear diagrams for syllogisms (with relationals).",
url = "http://dx.doi.org/10.1305/ndjfl/1093636009",
volume = "33",
year = "1991"
}

@article{lemon1998insufficiency,
  title={On the insufficiency of linear diagrams for syllogisms},
  author={Lemon, Oliver and Pratt, Ian and others},
  journal={Notre Dame Journal of Formal Logic},
  volume={39},
  number={4},
  pages={573--580},
  year={1998},
  publisher={University of Notre Dame}
}

@article{hattie2007power,
  title={The power of feedback},
  author={Hattie, John and Timperley, Helen},
  journal={Review of educational research},
  volume={77},
  number={1},
  pages={81--112},
  year={2007},
  publisher={Sage Publications}
}

@article{lumsden1988characteristics,
  title={A characteristics approach to the evaluation of economics software packages},
  author={Lumsden, Keith and Scott, Alex},
  journal={The Journal of Economic Education},
  volume={19},
  number={4},
  pages={353--362},
  year={1988},
  publisher={Taylor \& Francis}
}

@article{clariana2000applying,
  title={Applying a connectionist description of feedback timing},
  author={Clariana, Roy B and Wagner, Daren and Murphy, Lucia C Roher},
  journal={Educational Technology Research and Development},
  volume={48},
  number={3},
  pages={5--22},
  year={2000},
  publisher={Springer}
}

@article{lim2008spirit,
  title={Spirit of the game: Empowering students as designers in schools?},
  author={Lim, Cher Ping},
  journal={British Journal of Educational Technology},
  volume={39},
  number={6},
  pages={996--1003},
  year={2008},
  publisher={Wiley Online Library}
}

@article{111701519980901,
Abstract = {Focuses on the life training skills acquired by aviation students through the use of Flight Simulators designed by Microsoft Corp. Training credit given by the Federal Aviation Administration to pilots; Aviation simulator classifications; Benefits and limitations of the personal computer-based training.},
Author = {Homan, Willem and Williams, Kathleen},
ISSN = {10629351},
Journal = {Tech Directions},
Keywords = {Computer software, Flight training, Microsoft Corp.},
Number = {2},
Pages = {33},
Title = {PC-based flight simulators: No more games.},
Volume = {58},
URL = {http://search.ebscohost.com.ezproxy1.bath.ac.uk/login.aspx?direct=true&db=bth&AN=1117015&site=ehost-live},
Year = {1998},
}

@article{lee2013learning,
  title={Learning mathematicsâ€”letting the pupils have their say},
  author={Lee, Clare and Johnston-Wilder, Sue},
  journal={Educational Studies in Mathematics},
  volume={83},
  number={2},
  pages={163--180},
  year={2013},
  publisher={Springer}
}

@article{cheng2014graphical,
  title={Graphical notations for syllogisms: how alternative representations impact the accessibility of concepts},
  author={Cheng, Peter C-H},
  journal={Journal of Visual Languages \& Computing},
  volume={25},
  number={3},
  pages={170--185},
  year={2014},
  publisher={Elsevier}
}

@inproceedings{lamport1983good,
  title={What good is temporal logic?},
  author={Lamport, Leslie},
  booktitle={IFIP congress},
  volume={83},
  pages={657--668},
  year={1983}
}

@article{zalta1988basic,
  title={Basic concepts in modal logic},
  author={Zalta, Edward N},
  journal={Center for the Study of Language and Information Publications},
  pages={2},
  year={1988}
}

@InCollection{sep-set-theory,
	author       =	{Bagaria, Joan},
	title        =	{Set Theory},
	booktitle    =	{The Stanford Encyclopedia of Philosophy},
	editor       =	{Edward N. Zalta},
	howpublished =	{\url{http://plato.stanford.edu/archives/fall2016/entries/set-theory/}},
	year         =	{2016},
	edition      =	{Fall 2016},
	publisher    =	{Metaphysics Research Lab, Stanford University}
}

@book{hurley2005concise,
  title={A concise introduction to logic},
  author={Hurley, Patrick},
  year={2005},
  publisher={Cengage Learning}
}

@MISC{hammerhill,
    author       = "Hammer Hill",
    year={2016},
    title        = "Existential Import",
    howpublished = "http://cstl-cla.semo.edu/hhill/pl120/notes/existential\%20import.htm"
}

@inproceedings{muller2003return,
  title={About the return on investment of test-driven development},
  author={M{\"u}ller, Matthias M and Padberg, Frank},
  booktitle={Edser-5 5 th international workshop on economic-driven software engineering research},
  pages={26},
  year={2003}
}
